<?xml version="1.0" encoding="UTF-8"?><collection xmlns="http://www.loc.gov/MARC21/slim"><record><leader>00331nam--2200133-i-4500</leader><controlfield tag="001">000011515</controlfield><controlfield tag="002">20161230</controlfield><controlfield tag="005">20161230201029</controlfield><controlfield tag="008">060222s1000------------r-----000-0-eng-d</controlfield><datafield ind1=" " ind2=" " tag="080"><subfield code="a">621.38:621.372</subfield></datafield><datafield ind1=" " ind2=" " tag="100"><subfield code="a">Network Theory</subfield></datafield><datafield ind1=" " ind2=" " tag="245"><subfield code="a">New york, gordon and breach science publ.,1972 x + 577 p</subfield></datafield><datafield ind1=" " ind2=" " tag="700"><subfield code="a">Boite, R</subfield></datafield><datafield ind1=" " ind2=" " tag="852"><subfield code="a">42715</subfield></datafield></record></collection>